https://verbosus.com/bibtex-style-examples.html
http://citace.sux.cz/tema/15234-jak-citovat-citaci-autora-ktery-cituje-jineho-autora

@MastersThesis{Kurkova:Thesis:2017,
    author =	"Kůrková Martina",
    title =		"Unified Reporting for Performance Testing",
    school =	"Brno University of Technology, Faculty of Information Technology",
    address =	"Brno",
    year =		"2017",
}

@MastersThesis{Spacek:Thesis:2012,
    author =	"Špaček Petr",
    title =		"Performance Test Suite for MIT Kerberos",
    school =	"Brno University of Technology, Faculty of Information Technology",
    address =	"Brno",
    year =		"2012",
}

@phdthesis{EROS:PHD,
  	author       = "Levente ERŐS",
 	title        = "Performance Testing and Performance Improvement Methods for Communicating Systems",
	school       = "Budapest University of Technology and Economics",
 	year         = "2012",
  	address      = "Budapest, Hungary",
}

@phdthesis{DIN:PHD,
  	author       = "George Din",
 	title        = "A Performance Test Design Method and its Implementation Patterns for Multi-Services Systems",
	school       = "Technical University of Berlin",
 	year         = "2008",
  	address      = "Berlin, Germany",
}

@MANUAL{RH:Interconnect,
  	title        = "Red Hat JBoss AMQ 7.0 Using AMQ Interconnect",
  	organization = "Red Hat, Inc.",
  	address      = "Raleigh, North Carolina, U.S.",
  	year         = "2017",
  	note		 = "Available at \url{https://access.redhat.com/documentation/en-us/red_hat_jboss_amq/7.0/pdf/using_amq_interconnect/Red_Hat_JBoss_AMQ-7.0-Using_AMQ_Interconnect-en-US.pdf}",
}

@MANUAL{RH:Broker,
  	title        = "Red Hat JBoss AMQ 7.0 Using AMQ Broker",
  	organization = "Red Hat, Inc.",
  	address      = "Raleigh, North Carolina, U.S.",
  	year         = "2017",
  	note		 = "Available at \url{https://access.redhat.com/documentation/en-us/red_hat_jboss_amq/7.0/pdf/using_amq_broker/Red_Hat_JBoss_AMQ-7.0-Using_AMQ_Broker-en-US.pdf}",
}

@MANUAL{OASIS:AMQP,
  	title        = "Advanced Message Queuing Protocol (AMQP) Version 1.0",
  	organization = "OASIS",
  	address      = "",
  	year         = "2012",
}

@BOOK{Molyneaux:TAoAPT,
	author	= "Molyneaux, Ian",
	title	= "The Art of Application Performance Testing: Help for Programmers and Quality Assurance",
	year		= "2009",
	isbn		= "0596520662, 9780596520663",
	edition 	= "1st",
	publisher	= "O'Reilly Media, Inc.",
}

@MISC{ORPISKE:MSGPT,
    author =       "Otavio Rodolfo Piske",
    title =        "Messaging Performance Tool",
    url =          "http://orpiske.github.io/msg-perf-tool",
    note =         "[Online; visited 2017-10-15]"
}

@MISC{Manzor:APTB,
    author =       "Sajid Manzor",
    title =        "Application Performance Testing Basics",
    howpublished =	"Online",
    url =          "http://www.agileload.com/docs/default-document-library/application-performance-testing-basics-agileload.pdf",
    note =         "[visited 2017-10-26]"
}

@MISC{Sharma:HP,
    author =       "Deepak Sharma",
    title =        "Why and How: Performance Test",
    howpublished =	"Online",
    url =          "http://www.qaiconferences.org/tempQAAC/Why%20&%20How-Performance%20Test.pdf",
    note =         "[visited 2017-10-26]"
}

@MISC{GAO:MEASURING,
	author =		"Jerry Gao and Chandra S. Ravi and Espinoza Raquel",
	title =			"Measuring Component-Based Systems Using a Systematic Approach and Environment",
    howpublished =	"Online",
	url =			"https://subs.emis.de/LNI/Proceedings/Proceedings58/GI.Proceedings.58-6.pdf",
	pages = 		"77-92",
	note =         "[visited 2017-10-26]"
}

@MISC{BUCH:4TYPES,
	author =		"David Buch",
	title =			"4 types of load testing and when each should be used",
    howpublished =	"Online",
	url =			"https://www.radview.com/blog/4-types-of-load-testing-and-when-each-should-be-used",
	note =         "[visited 2017-11-05]"
}


@MISC{SOFT:RESPONSETIME,
	author =		"SoftLogica Inc.",
	title =			"Response time",
    howpublished =	"Online",
	url =			"https://www.loadtestingtool.com/help/response-time.shtml",
	note =         "[visited 2017-11-05]"
}

@MISC{BHATT:PERF,
	author =		"Niraj Bhatt",
	title =			"Performance Testing – Response vs. Latency vs. Throughput vs. Load vs. Scalability vs. Stress vs. Robustness",
    howpublished =	"Online",
	url =			"https://nirajrules.wordpress.com/2009/09/17/measuring-performance-response-vs-latency-vs-throughput-vs-load-vs-scalability-vs-stress-vs-robustness/",
	note =         "[visited 2017-11-05]"
}

@MISC{AMC:SPIKES,
	author =		"Anukool Lakhina, Mark Crovella, Christophe Diot",
	title =			"Diagnosing Network-Wide Traffic Anomalies",
    howpublished =	"Online",
	url =			"http://www.cs.bu.edu/fac/crovella/paper-archive/sigc04-network-wide-anomalies.pdf",
	note =         "[visited 2017-11-13]"
}

@MISC{TuPo:TESTS,
	autor =			"Tutorials Point (I) Pvt. Ltd.",
	title =			"Software Testing Dictionary",
	organization =	"Tutorials Point (I) Pvt. Ltd.",
    howpublished =	"Online",
	url =			"https://www.tutorialspoint.com/software_testing_dictionary",
	note =         "[visited 2017-11-15]"
}

@MISC{STF:REGRESSION,
	autor =			"Software Testing Fundamentals",
	title =			"Regression Testing",
    howpublished =	"Online",
	url =			"http://softwaretestingfundamentals.com/regression-testing/",
	note =         "[visited 2017-11-15]"
}

@TECHREPORT{Kelessidis:Benchmarking,
 	author       = "Vassilis Kelessidis",
  	title        = "Benchmarking",
  	institution  = "InnoRegio project",
  	year         = "2000",
  	number       = "2",
  	address      = "Thessaloniki Technology Park",
  	month        = "1",
  	note         = ""
}

@MISC{Aho:Benchmarking,
 	author       = "Marko Aho, Christopher Vinckier",
  	title        = "Computer System Performance Analysis and Benchmarking",
    howpublished =	"Online",
	url =			"http://www.cs.inf.ethz.ch/37-235/studentprojects/vinckier_aho.pdf",
	note =         "[visited 2017-11-15]"
}

@MISC{Broadwell:RPT,
 	author       = "Peter M. Broadwell",
  	title        = "Response Time as a Performability Metric for Online Services",
    howpublished =	"Online",
	url =			"http://roc.cs.berkeley.edu/papers/csd-04-1324.pdf",
	note =         "[visited 2017-11-19]"
}

@MISC{Kopp:RPT,
 	author       = "Michael Kopp",
  	title        = "Why Averages Suck and Percentiles are Great",
    howpublished =	"Online",
	url =			"https://www.dynatrace.com/blog/why-averages-suck-and-percentiles-are-great/",
	note =         "[visited 2017-11-20]"
}

@MISC{ISTQB,
 	author       = "",
  	title        = "ISTQB Foundation Level and Agile Tester Certification guide",
    howpublished =	"Online",
	url =			"http://istqbexamcertification.com/",
	note =         "[visited 2017-11-29]"
}

@MISC{CURRY:MOM,
 	author       = "Edward Curry",
  	title        = "Message-Oriented Middleware",
    howpublished =	"Online",
	url =			"http://citeseerx.ist.psu.edu/viewdoc/download?doi=10.1.1.418.173&rep=rep1&type=pdf",
	note =         "[visited 2017-12-21]"
}

@MISC{SPECJMS,
 	  author       = "Standard Performance Evaluation Corporation",
  	title        = "SpecJMS",
    howpublished =	"Online",
	  url =			"https://www.spec.org/jms2007/",
	  note =         "[visited 2018-01-03]"
}

@MISC{Ansible,
 	author       = "",
  	title        = "Network Automation with Ansible",
    howpublished =	"Online",
	url =			"https://www.ansible.com/overview/networking",
	note =         "[visited 2018-03-11]"
}

@MISC{Docker,
 	author       = "",
  	title        = "Docker",
    howpublished =	"Online",
	url =			"https://docs.docker.com/engine/docker-overview/",
	note =         "[visited 2018-03-11]"
}

@MISC{Docker-img,
 	  author       = "Adeesh Fulay",
  	title        = "Containers Deep Dive – LXC vs Docker",
    howpublished =	"Online",
    url =			"https://robinsystems.com/blog/containers-deep-dive-lxc-vs-docker-comparison",
    note =         "[visited 2018-05-16]"
}
